
@misc{HyperloopAlpha,
 author        = "{Elon Musk (SpaceX)}",
 title         = "Hyperloop Alpha",
 year	       = "2013",
 note	       = "[accessed 22-August-2018]",
 url	       = "https://www.spacex.com/sites/spacex/files/hyperloop_alpha.pdf",
}

@misc{HyperloopCompetiton,
 title         = "SpaceX Hyperloop Pod Competition",
 note	       = "[accessed 22-August-2018]",
 url	       = "https://www.spacex.com/hyperloop",
}

@misc{Swissloop,
 title         = "Swissloop",
 note	       = "[accessed 26-August-2018]",
 url	       = "https://swissloop.ch",
}

@misc{launchpad,
 title         = "{C2000 Delfino MCUs F28379D LaunchPad Development Kit}",
 note	       = "[accessed 26-August-2018]",
 url	       = "http://www.ti.com/tool/LAUNCHXL-F28379D",
}

@misc{mcu,
 title         = "{TMS320F28379D Dual-Core Delfino Microcontroller}",
 note	       = "[accessed 26-August-2018]",
 url	       = "http://www.ti.com/product/TMS320F28379D",
}

@misc{iis,
 title         = "{Integrated Systems Laboratory, Department of Information Technology and Electrical Engi- neering, ETH Zurich}",
 note	       = "[accessed 26-August-2018]",
 url	       = "http://www.iis.ee.ethz.ch",
}

@misc{controlsuite,
 title         = "{controlSUITE™ Software Suite: Software and Development Tools for C2000™ Microcontrollers}",
 note	       = "[accessed 26-August-2018]",
 url	       = "http://www.ti.com/tool/CONTROLSUITE",
}

@misc{RS485TransceiverDatasheet,
 title         = "{SN65HVD7x 3.3-V Supply RS-485 With IEC ESD Protection}",
 note	       = "[accessed 26-August-2018]",
 url	       = "http://www.ti.com/lit/ds/symlink/sn65hvd72.pdf",
}

@misc{tinyprintf,
 title         = "tinyprintf - A tiny printf and sprintf library for small embedded systems",
 note	       = "[accessed 26-August-2018]",
 url	       = "https://github.com/cjlano/tinyprintf",
}

@misc{log_fs,
 title         = "{log\_fs.h : Simple record-based file system for Serial Flash}",
 note	       = "[accessed 26-August-2018]",
 url	       = "http://piconomix.com/fwlib/group___l_o_g___f_s.html",
}

@misc{yaffs,
 title         = "{Yaffs (Yet Another Flash File System)}",
 note	       = "[accessed 26-August-2018]",
 url	       = "https://yaffs.net",
}

@misc{fatfs,
 title         = "{FatFs - Generic FAT Filesystem Module}",
 note	       = "[accessed 26-August-2018]",
 url	       = "http://elm-chan.org/fsw/ff/00index_e.html",
}
